@Manual{R-bookdown,
  title = {bookdown: Authoring Books and Technical Documents with R Markdown},
  author = {Yihui Xie},
  year = {2022},
  note = {R package version 0.26},
  url = {https://CRAN.R-project.org/package=bookdown},
}

@Manual{R-htmltools,
  title = {htmltools: Tools for HTML},
  author = {Joe Cheng and Carson Sievert and Barret Schloerke and Winston Chang and Yihui Xie and Jeff Allen},
  year = {2021},
  note = {R package version 0.5.2},
  url = {https://github.com/rstudio/htmltools},
}

@Manual{R-officedown,
  title = {officedown: Enhanced R Markdown Format for Word and PowerPoint},
  author = {David Gohel and Noam Ross},
  year = {2022},
  note = {R package version 0.2.4},
  url = {https://CRAN.R-project.org/package=officedown},
}

@Manual{R-rmarkdown,
  title = {rmarkdown: Dynamic Documents for R},
  author = {JJ Allaire and Yihui Xie and Jonathan McPherson and Javier Luraschi and Kevin Ushey and Aron Atkins and Hadley Wickham and Joe Cheng and Winston Chang and Richard Iannone},
  year = {2022},
  note = {R package version 2.13},
  url = {https://CRAN.R-project.org/package=rmarkdown},
}

@Book{bookdown2016,
  title = {bookdown: Authoring Books and Technical Documents with {R} Markdown},
  author = {Yihui Xie},
  publisher = {Chapman and Hall/CRC},
  address = {Boca Raton, Florida},
  year = {2016},
  note = {ISBN 978-1138700109},
  url = {https://bookdown.org/yihui/bookdown},
}

@Book{rmarkdown2018,
  title = {R Markdown: The Definitive Guide},
  author = {Yihui Xie and J.J. Allaire and Garrett Grolemund},
  publisher = {Chapman and Hall/CRC},
  address = {Boca Raton, Florida},
  year = {2018},
  note = {ISBN 9781138359338},
  url = {https://bookdown.org/yihui/rmarkdown},
}

@Book{rmarkdown2020,
  title = {R Markdown Cookbook},
  author = {Yihui Xie and Christophe Dervieux and Emily Riederer},
  publisher = {Chapman and Hall/CRC},
  address = {Boca Raton, Florida},
  year = {2020},
  note = {ISBN 9780367563837},
  url = {https://bookdown.org/yihui/rmarkdown-cookbook},
}

@Manual{R-rmdformats,
  title = {rmdformats: HTML Output Formats and Templates for 'rmarkdown' Documents},
  author = {Julien Barnier},
  year = {2022},
  note = {R package version 1.0.4},
  url = {https://CRAN.R-project.org/package=rmdformats},
}

@Manual{R-systemfonts,
  title = {systemfonts: System Native Font Finding},
  author = {Thomas Lin Pedersen and Jeroen Ooms and Devon Govett},
  year = {2024},
  note = {R package version 1.0.6,
https://systemfonts.r-lib.org},
  url = {https://github.com/r-lib/systemfonts},
}
